<collection xmlns="http://www.loc.gov/MARC21/slim">
<record>
  <leader>01139nam0a2200241 i 450 </leader>
  <controlfield tag="001">IT\ICCU\CNCE\006776</controlfield>
  <controlfield tag="005">19970101000000.0</controlfield>
  <datafield tag="012" ind1=" " ind2=" ">
    <subfield code="a">deu. i.e. ntet dore (3) 1520 (R)</subfield>
    <subfield code="2">fei</subfield>
  </datafield>
  <datafield tag="100" ind1=" " ind2=" ">
    <subfield code="a">19970101d1520        0itac0103    ba</subfield>
  </datafield>
  <datafield tag="101" ind1=" " ind2=" ">
    <subfield code="a">LAT</subfield>
  </datafield>
  <datafield tag="102" ind1=" " ind2=" ">
    <subfield code="a">IT</subfield>
  </datafield>
  <datafield tag="200" ind1="1" ind2=" ">
    <subfield code="a">Consilia</subfield>
  </datafield>
  <datafield tag="210" ind1=" " ind2=" ">
    <subfield code="a">In oppido Tridini</subfield>
    <subfield code="c">impensis Ioannis de Ferrariis alias de Iolitis</subfield>
    <subfield code="d">ac Gerardi de Zeijs</subfield>
    <subfield code="d">1520</subfield>
  </datafield>
  <datafield tag="215" ind1=" " ind2=" ">
    <subfield code="a">\7!, LXXIX c.</subfield>
    <subfield code="d">fol</subfield>
  </datafield>
  <datafield tag="300" ind1=" " ind2=" ">
    <subfield code="a">Le \7! c. con front. proprio contengono: Tabula consiliorum</subfield>
  </datafield>
  <datafield tag="620" ind1=" " ind2=" ">
    <subfield code="a">IT</subfield>
    <subfield code="d">Trino</subfield>
  </datafield>
  <datafield tag="700" ind1=" " ind2="1">
    <subfield code="a">Bolognini,</subfield>
    <subfield code="b">Ludovico</subfield>
    <subfield code="3">IT\ICCU\CNCA\000196</subfield>
  </datafield>
  <datafield tag="712" ind1="0" ind2="0">
    <subfield code="a">Giolito De Ferrari, Giovanni &lt;1.&gt; &amp; Zeglio, Gerardo</subfield>
    <subfield code="3">IT\ICCU\CNCT\000085</subfield>
    <subfield code="4">650</subfield>
  </datafield>
  <datafield tag="791" ind1="0" ind2="0">
    <subfield code="a">Zeglio, Gerardo</subfield>
    <subfield code="3">IT\ICCU\CNCT\000086</subfield>
    <subfield code="z">Giolito De Ferrari, Giovanni &lt;1.&gt; &amp; Zeglio, Gerardo</subfield>
  </datafield>
  <datafield tag="801" ind1=" " ind2="3">
    <subfield code="a">IT</subfield>
    <subfield code="b">ICCU</subfield>
    <subfield code="c">20201113</subfield>
  </datafield>
  <datafield tag="899" ind1=" " ind2=" ">
    <subfield code="a">Biblioteca della Societ ̉economica. Chiavari</subfield>
    <subfield code="1">GE0011</subfield>
    <subfield code="2">LI3 30</subfield>
  </datafield>
  <datafield tag="899" ind1=" " ind2=" ">
    <subfield code="a">Biblioteca nazionale centrale. Roma</subfield>
    <subfield code="1">RM0267</subfield>
    <subfield code="2">BVE CR</subfield>
  </datafield>
  <datafield tag="921" ind1=" " ind2=" ">
    <subfield code="a">IT\ICCU\CNCM\000339</subfield>
    <subfield code="b">Due guerrieri tengono uno scudo appeso ad un albero. Nello scudo le iniziali I.G.S.</subfield>
    <subfield code="c">Z23</subfield>
    <subfield code="d">Dimensioni: 9 x 11,7</subfield>
    <subfield code="f">GUERRIERI</subfield>
    <subfield code="f">SCUDO</subfield>
    <subfield code="f">ALBERO</subfield>
    <subfield code="f">IGS</subfield>
    <subfield code="f">CROCE</subfield>
    <subfield code="g">1509-1523</subfield>
  </datafield>
</record>
</collection>
